<?xml version="1.0" encoding="UTF-8"?>
<!DOCTYPE html PUBLIC "-//W3C//DTD XHTML 1.0 Transitional//EN"
    "http://www.w3.org/TR/xhtml1/DTD/xhtml1-transitional.dtd">
<html xmlns="http://www.w3.org/1999/xhtml" xml:lang="en" lang="en">
 <head>
  <title>
</title>
<meta http-equiv="Content-Type" content="text/html;charset=utf-8" />
  <meta name='ocr-system' content='tesseract 3.04.00' />
  <meta name='ocr-capabilities' content='ocr_page ocr_carea ocr_par ocr_line ocrx_word'/>
</head>
<body>
  <div class='ocr_page' id='page_1' title='image "./dissertatioentom00linn_0007.png"; bbox 0 0 2501 3495; ppageno 0'>
   <div class='ocr_carea' id='block_1_1' title="bbox 338 150 1862 241">
    <p class='ocr_par' dir='ltr' id='par_1_1' title="bbox 338 150 1862 241">
     <span class='ocr_line' id='line_1_1' title="bbox 338 150 1862 241; baseline -0.005 0"><span class='ocrx_word' id='word_1_1' title='bbox 338 153 515 241; x_wconf 84' lang='lat' dir='ltr'>DE</span> <span class='ocrx_word' id='word_1_2' title='bbox 574 150 900 238; x_wconf 71' lang='lat' dir='ltr'>BIGlS</span> <span class='ocrx_word' id='word_1_3' title='bbox 962 150 1862 239; x_wconf 77' lang='lat' dir='ltr'><strong>INSECTORUM.</strong></span> 
     </span>
    </p>
   </div>
   <div class='ocr_carea' id='block_1_2' title="bbox 370 411 1854 538">
    <p class='ocr_par' dir='ltr' id='par_1_2' title="bbox 370 411 1854 538">
     <span class='ocr_line' id='line_1_2' title="bbox 370 411 1839 477; baseline -0.001 -17"><span class='ocrx_word' id='word_1_4' title='bbox 370 415 425 461; x_wconf 77' lang='lat' dir='ltr'>Jn</span> <span class='ocrx_word' id='word_1_5' title='bbox 460 413 802 475; x_wconf 74' lang='lat' dir='ltr'>confideratione</span> <span class='ocrx_word' id='word_1_6' title='bbox 829 424 1006 461; x_wconf 68' lang='lat' dir='ltr'>natura?</span> <span class='ocrx_word' id='word_1_7' title='bbox 1038 412 1158 461; x_wconf 75' lang='lat' dir='ltr'>nibil</span> <span class='ocrx_word' id='word_1_8' title='bbox 1176 413 1317 477; x_wconf 81' lang='lat' dir='ltr'>potest</span> <span class='ocrx_word' id='word_1_9' title='bbox 1351 414 1429 476; x_wconf 72' lang='lat' dir='ltr'>effe</span> <span class='ocrx_word' id='word_1_10' title='bbox 1445 411 1839 476; x_wconf 68' lang='lat' dir='ltr'>stepervacaneum.</span> 
     </span>
     <span class='ocr_line' id='line_1_3' title="bbox 1632 491 1854 538; baseline 0 0"><span class='ocrx_word' id='word_1_11' title='bbox 1632 491 1854 538; x_wconf 71' lang='lat' dir='ltr'>Primus.</span> 
     </span>
    </p>
   </div>
   <div class='ocr_carea' id='block_1_3' title="bbox 1037 752 1152 815">
    <p class='ocr_par' dir='ltr' id='par_1_3' title="bbox 1037 752 1152 815">
     <span class='ocr_line' id='line_1_4' title="bbox 1037 752 1152 815; baseline 0 -16"><span class='ocrx_word' id='word_1_12' title='bbox 1037 752 1077 815; x_wconf 84' lang='lat'>§-</span> <span class='ocrx_word' id='word_1_13' title='bbox 1117 754 1152 799; x_wconf 90' lang='lat'>1.</span> 
     </span>
    </p>
   </div>
   <div class='ocr_carea' id='block_1_4' title="bbox 265 826 1896 2364">
    <p class='ocr_par' dir='ltr' id='par_1_4' title="bbox 265 826 1896 2364">
     <span class='ocr_line' id='line_1_5' title="bbox 275 826 1896 1006; baseline 0.002 -86"><span class='ocrx_word' id='word_1_14' title='bbox 275 826 585 1006; x_wconf 82' lang='lat' dir='ltr'>Scientias</span> <span class='ocrx_word' id='word_1_15' title='bbox 623 874 777 922; x_wconf 87' lang='lat' dir='ltr'>modo</span> <span class='ocrx_word' id='word_1_16' title='bbox 825 890 1064 940; x_wconf 81' lang='lat' dir='ltr'>perquam</span> <span class='ocrx_word' id='word_1_17' title='bbox 1110 876 1337 943; x_wconf 76' lang='lat' dir='ltr'>singulari</span> <span class='ocrx_word' id='word_1_18' title='bbox 1393 894 1567 942; x_wconf 83' lang='lat' dir='ltr'>capere</span> <span class='ocrx_word' id='word_1_19' title='bbox 1624 880 1896 925; x_wconf 76' lang='lat' dir='ltr'>incremen-</span> 
     </span>
     <span class='ocr_line' id='line_1_6' title="bbox 419 956 1894 1022; baseline 0.003 -22"><span class='ocrx_word' id='word_1_20' title='bbox 419 967 493 1011; x_wconf 90' lang='lat' dir='ltr'>ta,</span> <span class='ocrx_word' id='word_1_21' title='bbox 548 965 821 1017; x_wconf 79' lang='lat' dir='ltr'>&#39;earumque</span> <span class='ocrx_word' id='word_1_22' title='bbox 880 956 1082 1004; x_wconf 81' lang='lat' dir='ltr'>alteram</span> <span class='ocrx_word' id='word_1_23' title='bbox 1138 958 1275 1005; x_wconf 85' lang='lat' dir='ltr'>alteri</span> <span class='ocrx_word' id='word_1_24' title='bbox 1340 958 1552 1021; x_wconf 88' lang='lat' dir='ltr'>palmam</span> <span class='ocrx_word' id='word_1_25' title='bbox 1606 960 1894 1022; x_wconf 76' lang='lat' dir='ltr'>praeripere,</span> 
     </span>
     <span class='ocr_line' id='line_1_7' title="bbox 276 1030 1896 1098; baseline 0.002 -22"><span class='ocrx_word' id='word_1_26' title='bbox 276 1030 698 1092; x_wconf 86' lang='lat' dir='ltr'>quemadmodum</span> <span class='ocrx_word' id='word_1_27' title='bbox 738 1034 828 1082; x_wconf 85' lang='lat' dir='ltr'>alia</span> <span class='ocrx_word' id='word_1_28' title='bbox 865 1051 1182 1098; x_wconf 76' lang='lat' dir='ltr'>quaecumque</span> <span class='ocrx_word' id='word_1_29' title='bbox 1222 1037 1271 1081; x_wconf 89' lang='lat' dir='ltr'>in</span> <span class='ocrx_word' id='word_1_30' title='bbox 1300 1037 1397 1082; x_wconf 83' lang='lat' dir='ltr'>vita</span> <span class='ocrx_word' id='word_1_31' title='bbox 1431 1036 1707 1092; x_wconf 87' lang='lat' dir='ltr'>communi,</span> <span class='ocrx_word' id='word_1_32' title='bbox 1740 1035 1896 1082; x_wconf 87' lang='lat' dir='ltr'>anim-</span> 
     </span>
     <span class='ocr_line' id='line_1_8' title="bbox 276 1110 1892 1179; baseline 0.002 -22"><span class='ocrx_word' id='word_1_33' title='bbox 276 1110 486 1159; x_wconf 85' lang='lat' dir='ltr'>advertit</span> <span class='ocrx_word' id='word_1_34' title='bbox 543 1126 754 1161; x_wconf 81' lang='lat' dir='ltr'>attentus</span> <span class='ocrx_word' id='word_1_35' title='bbox 829 1130 992 1163; x_wconf 89' lang='lat' dir='ltr'>rerum</span> <span class='ocrx_word' id='word_1_36' title='bbox 1070 1116 1444 1179; x_wconf 82' lang='lat' dir='ltr'>contemplator.</span> <span class='ocrx_word' id='word_1_37' title='bbox 1548 1115 1674 1161; x_wconf 89' lang='lat' dir='ltr'>Non</span> <span class='ocrx_word' id='word_1_38' title='bbox 1730 1112 1892 1160; x_wconf 86' lang='lat' dir='ltr'>multis</span> 
     </span>
     <span class='ocr_line' id='line_1_9' title="bbox 273 1191 1894 1254; baseline -0.001 -15"><span class='ocrx_word' id='word_1_39' title='bbox 273 1193 452 1240; x_wconf 75' lang='lat' dir='ltr'>abhinc</span> <span class='ocrx_word' id='word_1_40' title='bbox 500 1196 638 1242; x_wconf 79' lang='lat' dir='ltr'>annis</span> <span class='ocrx_word' id='word_1_41' title='bbox 691 1194 888 1243; x_wconf 85' lang='lat' dir='ltr'>scientia</span> <span class='ocrx_word' id='word_1_42' title='bbox 934 1197 1216 1254; x_wconf 83' lang='lat' dir='ltr'>Botanices,</span> <span class='ocrx_word' id='word_1_43' title='bbox 1270 1195 1460 1241; x_wconf 88' lang='lat' dir='ltr'>ratione</span> <span class='ocrx_word' id='word_1_44' title='bbox 1505 1191 1894 1239; x_wconf 87' lang='lat' dir='ltr'>medicamento-</span> 
     </span>
     <span class='ocr_line' id='line_1_10' title="bbox 271 1267 1892 1337; baseline -0.001 -20"><span class='ocrx_word' id='word_1_45' title='bbox 271 1288 379 1317; x_wconf 82' lang='lat' dir='ltr'>rum</span> <span class='ocrx_word' id='word_1_46' title='bbox 414 1271 602 1330; x_wconf 76' lang='lat' dir='ltr'>habita,</span> <span class='ocrx_word' id='word_1_47' title='bbox 634 1273 845 1321; x_wconf 74' lang='lat' dir='ltr'>Medicis</span> <span class='ocrx_word' id='word_1_48' title='bbox 876 1272 1030 1321; x_wconf 82' lang='lat' dir='ltr'>solum</span> <span class='ocrx_word' id='word_1_49' title='bbox 1076 1273 1335 1337; x_wconf 87' lang='lat' dir='ltr'>putabatur</span> <span class='ocrx_word' id='word_1_50' title='bbox 1384 1269 1664 1320; x_wconf 76' lang='lat' dir='ltr'>necessaria:</span> <span class='ocrx_word' id='word_1_51' title='bbox 1716 1267 1892 1316; x_wconf 84' lang='lat' dir='ltr'>nostris</span> 
     </span>
     <span class='ocr_line' id='line_1_11' title="bbox 278 1342 1890 1415; baseline -0.005 -15"><span class='ocrx_word' id='word_1_52' title='bbox 278 1369 397 1400; x_wconf 86' lang='lat' dir='ltr'>vero</span> <span class='ocrx_word' id='word_1_53' title='bbox 437 1354 744 1415; x_wconf 63' lang='lat' dir='ltr'>temporibus</span> <span class='ocrx_word' id='word_1_54' title='bbox 791 1342 1113 1401; x_wconf 85' lang='lat' dir='ltr'>Oeconomus</span> <span class='ocrx_word' id='word_1_55' title='bbox 1164 1352 1367 1414; x_wconf 81' lang='lat' dir='ltr'>quisque</span> <span class='ocrx_word' id='word_1_56' title='bbox 1427 1349 1627 1395; x_wconf 78' lang='lat' dir='ltr'>meliora</span> <span class='ocrx_word' id='word_1_57' title='bbox 1665 1346 1890 1405; x_wconf 54' lang='lat' dir='ltr'>edoctus,</span> 
     </span>
     <span class='ocr_line' id='line_1_12' title="bbox 276 1427 1890 1495; baseline -0.003 -14"><span class='ocrx_word' id='word_1_58' title='bbox 276 1434 407 1481; x_wconf 81' lang='lat' dir='ltr'>illam</span> <span class='ocrx_word' id='word_1_59' title='bbox 464 1432 557 1480; x_wconf 65' lang='lat' dir='ltr'>suae</span> <span class='ocrx_word' id='word_1_60' title='bbox 616 1432 827 1480; x_wconf 70' lang='lat' dir='ltr'>scientiae</span> <span class='ocrx_word' id='word_1_61' title='bbox 873 1432 1197 1480; x_wconf 85' lang='lat' dir='ltr'>firmiffimum</span> <span class='ocrx_word' id='word_1_62' title='bbox 1250 1444 1440 1495; x_wconf 88' lang='lat' dir='ltr'>ponere</span> <span class='ocrx_word' id='word_1_63' title='bbox 1487 1427 1890 1487; x_wconf 87' lang='lat' dir='ltr'>fundamentum,</span> 
     </span>
     <span class='ocr_line' id='line_1_13' title="bbox 270 1505 1887 1580; baseline -0.006 -21"><span class='ocrx_word' id='word_1_64' title='bbox 270 1514 505 1580; x_wconf 79' lang='lat' dir='ltr'>agnoscit.</span> <span class='ocrx_word' id='word_1_65' title='bbox 587 1514 641 1559; x_wconf 91' lang='lat' dir='ltr'>In</span> <span class='ocrx_word' id='word_1_66' title='bbox 690 1513 935 1578; x_wconf 78' lang='lat' dir='ltr'>Zoologia</span> <span class='ocrx_word' id='word_1_67' title='bbox 989 1510 1263 1559; x_wconf 86' lang='lat' dir='ltr'>excolenda</span> <span class='ocrx_word' id='word_1_68' title='bbox 1320 1508 1470 1556; x_wconf 82' lang='lat' dir='ltr'>serius</span> <span class='ocrx_word' id='word_1_69' title='bbox 1519 1505 1756 1553; x_wconf 88' lang='lat' dir='ltr'>collocata</span> <span class='ocrx_word' id='word_1_70' title='bbox 1797 1505 1887 1552; x_wconf 89' lang='lat' dir='ltr'>fuit</span> 
     </span>
     <span class='ocr_line' id='line_1_14' title="bbox 272 1584 1883 1658; baseline -0.006 -19"><span class='ocrx_word' id='word_1_71' title='bbox 272 1609 445 1657; x_wconf 85' lang='lat' dir='ltr'>opera:</span> <span class='ocrx_word' id='word_1_72' title='bbox 481 1591 747 1658; x_wconf 79' lang='lat' dir='ltr'>grandiora</span> <span class='ocrx_word' id='word_1_73' title='bbox 785 1591 984 1654; x_wconf 86' lang='lat' dir='ltr'>quidem</span> <span class='ocrx_word' id='word_1_74' title='bbox 1018 1592 1284 1639; x_wconf 79' lang='lat' dir='ltr'>animantia</span> <span class='ocrx_word' id='word_1_75' title='bbox 1323 1585 1607 1635; x_wconf 86' lang='lat' dir='ltr'>hominibus</span> <span class='ocrx_word' id='word_1_76' title='bbox 1654 1584 1883 1648; x_wconf 89' lang='lat' dir='ltr'>multipli-</span> 
     </span>
     <span class='ocr_line' id='line_1_15' title="bbox 268 1661 1881 1724; baseline -0.007 -5"><span class='ocrx_word' id='word_1_77' title='bbox 268 1688 375 1719; x_wconf 88' lang='lat' dir='ltr'>cem</span> <span class='ocrx_word' id='word_1_78' title='bbox 409 1671 604 1718; x_wconf 85' lang='lat' dir='ltr'>adferre</span> <span class='ocrx_word' id='word_1_79' title='bbox 639 1668 896 1716; x_wconf 84' lang='lat' dir='ltr'>utilitatem</span> <span class='ocrx_word' id='word_1_80' title='bbox 949 1666 1370 1724; x_wconf 77' lang='lat' dir='ltr'>existimabantur3</span> <span class='ocrx_word' id='word_1_81' title='bbox 1417 1662 1500 1710; x_wconf 87' lang='lat' dir='ltr'>sed</span> <span class='ocrx_word' id='word_1_82' title='bbox 1530 1661 1716 1709; x_wconf 69' lang='lat' dir='ltr'>Inse&amp;a</span> <span class='ocrx_word' id='word_1_83' title='bbox 1776 1678 1881 1709; x_wconf 85' lang='lat' dir='ltr'>ver-</span> 
     </span>
     <span class='ocr_line' id='line_1_16' title="bbox 269 1740 1882 1813; baseline -0.007 -16"><span class='ocrx_word' id='word_1_84' title='bbox 269 1765 494 1813; x_wconf 80' lang='lat' dir='ltr'>mesque,</span> <span class='ocrx_word' id='word_1_85' title='bbox 528 1762 579 1796; x_wconf 79' lang='lat' dir='ltr'>ut</span> <span class='ocrx_word' id='word_1_86' title='bbox 616 1748 816 1812; x_wconf 80' lang='lat' dir='ltr'>prorsus</span> <span class='ocrx_word' id='word_1_87' title='bbox 852 1749 1074 1805; x_wconf 84' lang='lat' dir='ltr'>inutiles,</span> <span class='ocrx_word' id='word_1_88' title='bbox 1110 1746 1511 1810; x_wconf 85' lang='lat' dir='ltr'>respiciebantur.</span> <span class='ocrx_word' id='word_1_89' title='bbox 1566 1741 1675 1799; x_wconf 83' lang='lat' dir='ltr'>Illa,</span> <span class='ocrx_word' id='word_1_90' title='bbox 1712 1740 1746 1788; x_wconf 82' lang='lat' dir='ltr'>si</span> <span class='ocrx_word' id='word_1_91' title='bbox 1769 1757 1882 1804; x_wconf 90' lang='lat' dir='ltr'>pau-</span> 
     </span>
     <span class='ocr_line' id='line_1_17' title="bbox 271 1820 1883 1891; baseline -0.005 -17"><span class='ocrx_word' id='word_1_92' title='bbox 271 1827 449 1875; x_wconf 85' lang='lat' dir='ltr'>ciffima</span> <span class='ocrx_word' id='word_1_93' title='bbox 486 1826 708 1890; x_wconf 72' lang='lat' dir='ltr'>quaedam</span> <span class='ocrx_word' id='word_1_94' title='bbox 747 1828 1025 1890; x_wconf 77' lang='lat' dir='ltr'>exceperis,</span> <span class='ocrx_word' id='word_1_95' title='bbox 1064 1842 1110 1872; x_wconf 85' lang='lat' dir='ltr'>v.</span> <span class='ocrx_word' id='word_1_96' title='bbox 1149 1841 1222 1891; x_wconf 76' lang='lat' dir='ltr'>gr.</span> <span class='ocrx_word' id='word_1_97' title='bbox 1254 1823 1469 1885; x_wconf 83' lang='lat' dir='ltr'>Anserem</span> <span class='ocrx_word' id='word_1_98' title='bbox 1502 1820 1754 1877; x_wconf 80' lang='lat' dir='ltr'>Scoticum‚</span> <span class='ocrx_word' id='word_1_99' title='bbox 1793 1835 1883 1882; x_wconf 85' lang='lat' dir='ltr'>per</span> 
     </span>
     <span class='ocr_line' id='line_1_18' title="bbox 274 1899 1880 1972; baseline -0.006 -18"><span class='ocrx_word' id='word_1_100' title='bbox 274 1907 648 1972; x_wconf 81' lang='lat' dir='ltr'>generationem</span> <span class='ocrx_word' id='word_1_101' title='bbox 709 1907 1011 1963; x_wconf 84' lang='lat' dir='ltr'>univocam,</span> <span class='ocrx_word' id='word_1_102' title='bbox 1063 1902 1154 1951; x_wconf 84' lang='lat' dir='ltr'>haec</span> <span class='ocrx_word' id='word_1_103' title='bbox 1208 1916 1367 1949; x_wconf 88' lang='lat' dir='ltr'>autem</span> <span class='ocrx_word' id='word_1_104' title='bbox 1418 1908 1535 1964; x_wconf 83' lang='lat' dir='ltr'>per‘</span> <span class='ocrx_word' id='word_1_105' title='bbox 1575 1899 1880 1961; x_wconf 67' lang='lat' dir='ltr'>aequivocam</span> 
     </span>
     <span class='ocr_line' id='line_1_19' title="bbox 267 1975 1880 2048; baseline -0.006 -18"><span class='ocrx_word' id='word_1_106' title='bbox 267 1984 530 2048; x_wconf 76' lang='lat' dir='ltr'>propagari</span> <span class='ocrx_word' id='word_1_107' title='bbox 571 1982 923 2039; x_wconf 79' lang='lat' dir='ltr'>credebantur,</span> <span class='ocrx_word' id='word_1_108' title='bbox 962 1983 1012 2029; x_wconf 61' lang='grc' dir='ltr'>ὃς</span> <span class='ocrx_word' id='word_1_109' title='bbox 1050 1980 1256 2046; x_wconf 81' lang='lat' dir='ltr'>indigna</span> <span class='ocrx_word' id='word_1_110' title='bbox 1303 1980 1537 2035; x_wconf 89' lang='lat' dir='ltr'>omnino,</span> <span class='ocrx_word' id='word_1_111' title='bbox 1589 1975 1649 2023; x_wconf 89' lang='lat' dir='ltr'>ad</span> <span class='ocrx_word' id='word_1_112' title='bbox 1690 1992 1795 2038; x_wconf 80' lang='lat' dir='ltr'>quae</span> <span class='ocrx_word' id='word_1_113' title='bbox 1833 1992 1880 2021; x_wconf 88' lang='lat' dir='ltr'>a·</span> 
     </span>
     <span class='ocr_line' id='line_1_20' title="bbox 270 2057 1876 2108; baseline -0.004 -1"><span class='ocrx_word' id='word_1_114' title='bbox 270 2063 458 2107; x_wconf 89' lang='lat' dir='ltr'>nimum</span> <span class='ocrx_word' id='word_1_115' title='bbox 508 2060 818 2107; x_wconf 84' lang='lat' dir='ltr'>attenderent</span> <span class='ocrx_word' id='word_1_116' title='bbox 870 2062 1112 2108; x_wconf 80' lang='lat' dir='ltr'>homines.</span> <span class='ocrx_word' id='word_1_117' title='bbox 1181 2059 1337 2106; x_wconf 56' lang='lat' dir='ltr'>Aucta</span> <span class='ocrx_word' id='word_1_118' title='bbox 1382 2074 1504 2104; x_wconf 84' lang='lat' dir='ltr'>vero</span> <span class='ocrx_word' id='word_1_119' title='bbox 1552 2057 1748 2102; x_wconf 86' lang='lat' dir='ltr'>illorum</span> <span class='ocrx_word' id='word_1_120' title='bbox 1799 2071 1876 2102; x_wconf 86' lang='lat' dir='ltr'>co·</span> 
     </span>
     <span class='ocr_line' id='line_1_21' title="bbox 270 2134 1875 2208; baseline -0.006 -20"><span class='ocrx_word' id='word_1_121' title='bbox 270 2142 522 2208; x_wconf 80' lang='lat' dir='ltr'>gnitione,</span> <span class='ocrx_word' id='word_1_122' title='bbox 569 2139 1017 2203; x_wconf 80' lang='lat' dir='ltr'>deprehendimus,</span> <span class='ocrx_word' id='word_1_123' title='bbox 1071 2140 1174 2185; x_wconf 79' lang='lat' dir='ltr'>haec</span> <span class='ocrx_word' id='word_1_124' title='bbox 1230 2139 1374 2184; x_wconf 86' lang='lat' dir='ltr'>etiam</span> <span class='ocrx_word' id='word_1_125' title='bbox 1414 2152 1438 2182; x_wconf 89' lang='lat' dir='ltr'>a</span> <span class='ocrx_word' id='word_1_126' title='bbox 1475 2134 1712 2182; x_wconf 86' lang='lat' dir='ltr'>Creatore</span> <span class='ocrx_word' id='word_1_127' title='bbox 1755 2149 1875 2196; x_wconf 78' lang='lat' dir='ltr'>prae-</span> 
     </span>
     <span class='ocr_line' id='line_1_22' title="bbox 265 2213 1871 2276; baseline -0.007 -7"><span class='ocrx_word' id='word_1_128' title='bbox 265 2220 552 2269; x_wconf 83' lang='lat' dir='ltr'>stantiffimis</span> <span class='ocrx_word' id='word_1_129' title='bbox 589 2235 760 2267; x_wconf 86' lang='lat' dir='ltr'>ornata</span> <span class='ocrx_word' id='word_1_130' title='bbox 795 2219 887 2268; x_wconf 74' lang='lat' dir='ltr'>effe</span> <span class='ocrx_word' id='word_1_131' title='bbox 943 2219 1171 2276; x_wconf 81' lang='lat' dir='ltr'>dotibus,</span> <span class='ocrx_word' id='word_1_132' title='bbox 1214 2217 1274 2264; x_wconf 87' lang='lat' dir='ltr'>ad</span> <span class='ocrx_word' id='word_1_133' title='bbox 1311 2215 1675 2264; x_wconf 86' lang='lat' dir='ltr'>Oeconomiam</span> <span class='ocrx_word' id='word_1_134' title='bbox 1715 2213 1871 2259; x_wconf 89' lang='lat' dir='ltr'>Natu-</span> 
     </span>
     <span class='ocr_line' id='line_1_23' title="bbox 266 2289 1870 2364; baseline -0.01 -13"><span class='ocrx_word' id='word_1_135' title='bbox 266 2322 330 2351; x_wconf 77' lang='lat' dir='ltr'>rae</span> <span class='ocrx_word' id='word_1_136' title='bbox 371 2302 546 2351; x_wconf 76' lang='lat' dir='ltr'>sartam</span> <span class='ocrx_word' id='word_1_137' title='bbox 584 2301 857 2364; x_wconf 52' lang='lat' dir='ltr'>tectamque</span> <span class='ocrx_word' id='word_1_138' title='bbox 891 2298 1168 2348; x_wconf 83' lang='lat' dir='ltr'>habendam</span> <span class='ocrx_word' id='word_1_139' title='bbox 1207 2313 1350 2360; x_wconf 83' lang='lat' dir='ltr'>quam</span> <span class='ocrx_word' id='word_1_140' title='bbox 1400 2295 1612 2341; x_wconf 80' lang='lat' dir='ltr'>maxime</span> <span class='ocrx_word' id='word_1_141' title='bbox 1664 2289 1870 2338; x_wconf 75' lang='lat' dir='ltr'>necessa-</span> 
     </span>
    </p>
   </div>
   <div class='ocr_carea' id='block_1_5' title="bbox 268 2369 1871 2502">
    <p class='ocr_par' dir='ltr' id='par_1_5' title="bbox 268 2369 1871 2502">
     <span class='ocr_line' id='line_1_24' title="bbox 268 2369 1871 2439; baseline -0.006 -12"><span class='ocrx_word' id='word_1_142' title='bbox 268 2383 363 2428; x_wconf 83' lang='lat' dir='ltr'>riis.</span> <span class='ocrx_word' id='word_1_143' title='bbox 446 2383 559 2429; x_wconf 74' lang='lat' dir='ltr'>Imm</span> <span class='ocrx_word' id='word_1_144' title='bbox 598 2382 753 2439; x_wconf 75' lang='lat' dir='ltr'>Hoec,</span> <span class='ocrx_word' id='word_1_145' title='bbox 790 2381 901 2426; x_wconf 89' lang='lat' dir='ltr'>licet</span> <span class='ocrx_word' id='word_1_146' title='bbox 938 2380 1167 2436; x_wconf 86' lang='lat' dir='ltr'>minima,</span> <span class='ocrx_word' id='word_1_147' title='bbox 1198 2375 1508 2425; x_wconf 85' lang='lat' dir='ltr'>multitudine</span> <span class='ocrx_word' id='word_1_148' title='bbox 1545 2388 1710 2420; x_wconf 85' lang='lat' dir='ltr'>tamen</span> <span class='ocrx_word' id='word_1_149' title='bbox 1746 2369 1871 2418; x_wconf 83' lang='lat' dir='ltr'>indi·</span> 
     </span>
     <span class='ocr_line' id='line_1_25' title="bbox 1057 2448 1868 2502; baseline -0.011 0"><span class='ocrx_word' id='word_1_150' title='bbox 1057 2456 1101 2502; x_wconf 86' lang='grc' dir='ltr'>Α</span> <span class='ocrx_word' id='word_1_151' title='bbox 1798 2448 1868 2495; x_wconf 65' lang='lat' dir='ltr'>vi-</span> 
     </span>
    </p>
   </div>
  </div>
 </body>
</html>
